@article{NERC2012,
title = {Special Reliability Assessment Interim Report: Effects of Geomagnetic Disturbances on the Bulk Power System},
year = {2012},
author = {NERC},
url = {https://www.nerc.com/pa/Stand/Geomagnetic%20Disturbance%20Resources%20DL/2012_GMD_Report_112012.pdf}
year = {2012},
publisher = {North American Electric Reliability Council},
}

@article{Albertson1993,
  doi = {10.1109/61.252646},
  url = {https://doi.org/10.1109/61.252646},
  year  = {1993},
  month = {jul},
  publisher = {Institute of Electrical and Electronics Engineers ({IEEE})},
  volume = {8},
  number = {3},
  pages = {1206--1216},
  author = {V. Albertson and J. Kappenman and N. Mohan and G. Skarbakka},
  title = {Geomagnetic disturbance effects on power systems},
  journal = {{IEEE} Transactions on Power Delivery}
}

@article{Albertson1981,
  doi = {10.1109/tpas.1981.316916},
  url = {https://doi.org/10.1109/tpas.1981.316916},
  year  = {1981},
  month = {feb},
  publisher = {Institute of Electrical and Electronics Engineers ({IEEE})},
  volume = {{PAS}-100},
  number = {2},
  pages = {594--607},
  author = {V. Albertson and B. Bozoki and W.E. Feero and J.G. Kappenman and E.V. Larsen and D.E. Nordell and J. Ponder and F.S. Prabhakara and K. Thompson and R. Walling},
  title = {Load-Flow Studies in the Presence of Geomagnetically-Induced Currents},
  journal = {{IEEE} Transactions on Power Apparatus and Systems}
}

@inproceedings{Overbye2012,
  doi = {10.1109/naps.2012.6336365},
  url = {https://doi.org/10.1109/naps.2012.6336365},
  year  = {2012},
  month = {sep},
  publisher = {{IEEE}},
  author = {Thomas J. Overbye and Trevor R. Hutchins and Komal Shetye and Jamie Weber and Scott Dahman},
  title = {Integration of geomagnetic disturbance modeling into the power flow: A methodology for large-scale system studies},
  booktitle = {2012 North American Power Symposium ({NAPS})}
}

@article{Lehtinen1985,
  doi = {},
  url = {},
  year  = {1985},
  month = {},
  publisher = {EGS-Gauthier-Villars},
  volume = {3},
  number = {4},
  pages = {479--484},
  author = {M. Lehtinen and R. Pirjola},
  title = {Currents Produced in Earthed Conductor Networks by Geomagnetically-induced Electric Fields},
  journal = {Annales Geophysicae}
}

@article{Pulkkinen2007,
  doi = {10.1186/bf03352040},
  url = {https://doi.org/10.1186/bf03352040},
  year  = {2007},
  month = {sep},
  publisher = {Springer Nature},
  volume = {59},
  number = {9},
  pages = {999--1006},
  author = {Antti Pulkkinen and Risto Pirjola and Ari Viljanen},
  title = {Determination of ground conductivity and system parameters for optimal modeling of geomagnetically induced current flow in technological systems},
  journal = {Earth,  Planets and Space}
}

@article{Wik2008,
  doi = {10.1029/2007sw000343},
  url = {https://doi.org/10.1029/2007sw000343},
  year  = {2008},
  month = {jul},
  publisher = {American Geophysical Union ({AGU})},
  volume = {6},
  number = {7},
  pages = {n/a--n/a},
  author = {M. Wik and A. Viljanen and R. Pirjola and A. Pulkkinen and P. Wintoft and H. Lundstedt},
  title = {Calculation of geomagnetically induced currents in the 400 {kV} power grid in southern Sweden},
  journal = {Space Weather}
}

@article{Pulkkinen2010,
  doi = {10.1016/j.asr.2010.05.024},
  url = {https://doi.org/10.1016/j.asr.2010.05.024},
  year  = {2010},
  month = {nov},
  publisher = {Elsevier {BV}},
  volume = {46},
  number = {9},
  pages = {1087--1093},
  author = {A. Pulkkinen and R. Kataoka and S. Watari and M. Ichiki},
  title = {Modeling geomagnetically induced currents in Hokkaido,  Japan},
  journal = {Advances in Space Research}
}

@article{Watari2009,
  doi = {10.1029/2008sw000417},
  url = {https://doi.org/10.1029/2008sw000417},
  year  = {2009},
  month = {mar},
  publisher = {American Geophysical Union ({AGU})},
  volume = {7},
  number = {3},
  pages = {n/a--n/a},
  author = {S. Watari and M. Kunitake and K. Kitamura and T. Hori and T. Kikuchi and K. Shiokawa and N. Nishitani and R. Kataoka and Y. Kamide and T. Aso and Y. Watanabe and Y. Tsuneta},
  title = {Measurements of geomagnetically induced current in a power grid in Hokkaido,  Japan},
  journal = {Space Weather}
}

@article{Viljanen2012,
  doi = {10.1051/swsc/2012017},
  url = {https://doi.org/10.1051/swsc/2012017},
  year  = {2012},
  publisher = {{EDP} Sciences},
  volume = {2},
  pages = {A17},
  author = {Ari Viljanen and Risto Pirjola and Magnus Wik and Antal {\'{A}}d{\'{a}}m and Ern\"{o} Pr{\'{a}}cser and Yaroslav Sakharov and Juri Katkalov},
  title = {Continental scale modelling of geomagnetically induced currents},
  journal = {Journal of Space Weather and Space Climate}
}

@article{Ngwira2011,
  doi = {10.1016/j.asr.2011.03.042},
  url = {https://doi.org/10.1016/j.asr.2011.03.042},
  year  = {2011},
  month = {aug},
  publisher = {Elsevier {BV}},
  volume = {48},
  number = {3},
  pages = {529--534},
  author = {Chigomezyo M. Ngwira and Lee-Anne McKinnell and Pierre J. Cilliers},
  title = {Geomagnetic activity indicators for geomagnetically induced current studies in South Africa},
  journal = {Advances in Space Research}
}

@article{Watari2015,
  doi = {10.1186/s40623-015-0253-8},
  url = {https://doi.org/10.1186/s40623-015-0253-8},
  year  = {2015},
  month = {may},
  publisher = {Springer Nature},
  volume = {67},
  number = {1},
  author = {Shinichi Watari},
  title = {Estimation of geomagnetically induced currents based on the measurement data of a transformer in a Japanese power network and geoelectric field observations},
  journal = {Earth,  Planets and Space}
}